@techreport{robins87,
author = {Robins, Gabriel},
title = {The {ISI} grapher: a portable tool for displaying graphs pictorially (ISI/RS-87-196)},
institution = {University of South California},
year = {1987},
month = {September}
}
@book{helpbook,
author = {Boggan, Scott and Fakas, David and Welinske, Joe}
, title = {Developing on-line help for {W}indows}
, publisher = {Sams Publishing}
, address = {11711 North College, Carmel, Indiana 46032, USA}
, year = {1993}
}
@book{wong93,
author = {Wong, William}
, title = {Plug and play programming}
, publisher = {M and T Books}
, address = {115 West 18th Street, New York, New York 10011}
, year = {1993}
}
@book{pree94,
author = {Pree, Wolfgang}
, title = {Design patterns for object-oriented software development}
, publisher = {Addison-Wesley}
, address = {Reading, MA}
, year = {1994}
}
@book{gamma95,
author = {Gamma, Erich and Helm, Richard and Johnson, Ralph and Vlissides, John}
, title = {Design patterns: elements of reusable object-oriented software}
, publisher = {Addison-Wesley}
, address = {Reading, MA}
, year = {1994}
}
@book{kopka,
author = {Kopka, Helmut and Daly, Patrick W.}
, title = {A Guide to LaTeX}
, publisher = {Addison-Wesley}
, year = {1993}
}
@manual{smart95a,
author = {Smart, Julian}
, title = {wxCLIPS User Manual}
, publisher = {Artificial Intelligence Applications Institute}
, organization = {University of Edinburgh}
, address = {80 South Bridge, Edinburgh, EH1 1HN}
, year = {1995}
}

@manual{smart95b,
author = {Smart, Julian}
, title = {Tex2RTF User Manual}
, publisher = {Artificial Intelligence Applications Institute}
, organization = {University of Edinburgh}
, address = {80 South Bridge, Edinburgh, EH1 1HN}
, year = {1995}
}

